%% This BibTeX bibliography file was created using BibDesk.
%% https://bibdesk.sourceforge.io/

%% Created for user at 2019-05-10 14:28:54 +0300 


%% Saved with string encoding Unicode (UTF-8) 



@article{medhat2014sentiment,
	Author = {Medhat, Walaa and Hassan, Ahmed and Korashy, Hoda},
	Date-Added = {2019-05-10 14:26:28 +0300},
	Date-Modified = {2019-05-10 14:26:28 +0300},
	Journal = {Ain Shams engineering journal},
	Number = {4},
	Pages = {1093--1113},
	Publisher = {Elsevier},
	Title = {Sentiment analysis algorithms and applications: A survey},
	Volume = {5},
	Year = {2014}}
